@article{MacKinnon,
  title={Mediation Analysis},
  author={MacKinnon, David P. and Fairchild, Amanda J. and Fritz, Matthew S.},
  journal={Annual Review of Psychology},
  volume={58},
  pages={593--614},
  year={2007}
}

@article{Rosseel,
  title={lavaan: An R Package for Structural Equation Modeling},
  author={Rosseel, Yves},
  journal={Journal of Statistical Software},
  volume={48},
  pages={1--36},
  year={2012}
}

@article{Hox,
  title={An Introduction to Structural Equation Modeling},
  author={Hox, JJ and Bechger, TM},
  journal={Utrecht University Repository},
  year={1998}
}

@article{Wechsler,
  title={What We Have Learned From the Havard School of Public Health College Alcohol Study},
  author={Wechsler, Henry and Nelson, Toben},
  journal={Journal of Studies on Alcohol and Drugs},
  volume={69},
  pages={481--490},
  year={2008}
}